<?xml version="1.0" encoding="UTF-8"?><record xmlns="http://www.loc.gov/MARC21/slim" xmlns:cinclude="http://apache.org/cocoon/include/1.0" xmlns:zs="http://www.loc.gov/zing/srw/">
  <leader>00520cz  a2200133n  4500</leader>
  <controlfield tag="001">n  89614552 </controlfield>
  <controlfield tag="003">DLC</controlfield>
  <controlfield tag="005">19910410162754.3</controlfield>
  <controlfield tag="008">890310n| acannaab|          |n aaa |||  </controlfield>
  <datafield tag="010" ind1=" " ind2=" ">
    <subfield code="a">n  89614552 </subfield>
  </datafield>
  <datafield tag="040" ind1=" " ind2=" ">
    <subfield code="a">DLC</subfield>
    <subfield code="c">DLC</subfield>
    <subfield code="d">DLC</subfield>
  </datafield>
  <datafield tag="100" ind1="1" ind2="0">
    <subfield code="a">Nagy, Monica</subfield>
  </datafield>
  <datafield tag="670" ind1=" " ind2=" ">
    <subfield code="a">nuc89-25029: Nagy, T. Building your first expert system, 1985</subfield>
    <subfield code="b">(hdg. on UPB rept.: Nagy, Monica; usage: Monica Nagy)</subfield>
  </datafield>
  <datafield tag="670" ind1=" " ind2=" ">
    <subfield code="a">Nagy, T. Building your first expert system, c1985:</subfield>
    <subfield code="b">t.p. (Monica Nagy) cover p. 4 (Monica C. Nagy, freelance LISP and KES programmer)</subfield>
  </datafield>
</record>